2675 4542
856 0 896 37 ὁ

335 231 434 308 28
925 211 2151 302 Nlc.TR1vET1

547 347 618 420 in
667 345 934 444 populo,
973 371 1058 420 eo
1105 345 1283 442 quod
1309 347 1463 418 Rex
1508 353 1583 420 δι
1615 345 1853 418 Comes
1884 343 2274 435 Lancastriae
2300 363 2529 416 mutuo

549 451 624 519 δε
645 443 869 516 crebro
911 461 1171 515 utuntur
1217 439 1547 538 colloquio
1569 487 1615 526 ,-
1638 443 1775 516 odii
1799 440 2055 512 ’fomite
2078 448 2101 482 ¹
2126 441 2387 512 alterum
2426 441 2533 512 so·

552 544 694 635 pito
707 565 732 630 3
781 537 996 612 Aulici
1055 563 1312 636 quoqne
1335 543 1409 610 &
1460 537 1591 622 alii,
1639 559 1910 633 quorum
1960 537 2254 608 instintiu
2282 537 2349 636 id
2380 553 2545 629 pro--

549 635 908 721 curabatur,
951 639 989 703 a
1027 635 1351 707 Comitiva
1384 640 1453 705 &
1505 632 1707 705 domo
1734 635 1935 726 Regis
1965 633 2217 716 remoti,
2261 629 2528 703 horrore

547 729 761 803 subito
790 728 1058 826 percuffi
1103 725 1246 799 sunt
1301 734 1375 801 δε
1407 730 1637 802 timore
1662 727 1823 799 ultra
1844 727 2105 800 modum
2148 748 2434 800 verentes
2456 730 2527 798 in

552 849 775 898 manus
795 827 1071 898 Comitis
1093 823 1383 898 incidere
1412 821 1778 924 supradicti.
1870 821 2261 905 CardinaleS,
2280 847 2392 917 pet
2415 849 2528 893 an-

552 939 710 994 num
739 930 810 994 δε
842 919 1114 1014 amplius
1133 922 1198 989 in
1220 921 1460 1015 Anglia
1492 915 1735 993 moram
1766 917 2101 1006 facientes,
2143 919 2349 990 statim
2384 917 2527 1014 post

550 1015 966 1088 concordiam
988 1017 1237 1100 initam,
1283 1015 1439 1088 dato
1462 1021 1554 1090 eis
1582 1014 1865 1088 tranfitus
1886 1015 1989 1088 die
2021 1011 2135 1086 sub
2180 1034 2353 1085 certa
2384 1039 2527 1108 poe-

549 1137 658 1196 na,
707 1111 811 1184 die
832 1117 1027 1184 Lunae
1057 1114 1351 1207 proxima
1379 1134 1527 1187 ante
1579 1109 1804 1185 festum
1842 1101 2280 1183 decollationis
2307 1109 2527 1181 Sanffi

536 1206 822 1302 Joannis
865 1207 1160 1305 Baptistae
1189 1262 1212 1293 ‚
1257 1207 1550 1304 impolita
1603 1228 1817 1279 tamen
1868 1209 2035 1303 prius
2080 1206 2529 1299 procuratione

547 1302 686 1388 sua,
733 1301 1091 1376 ac-demum
1119 1327 1234 1399 per
1283 1303 1643 1396 magistrum
1672 1303 2043 1398 Rtjgandum
2066 1301 2312 1374 domini
2338 1303 2529 1394 Papae

545 1397 617 1562 {in
655 1394 890 1495 Angba
914 1399 1219 1471 nuncium
1259 1397 1553 1489 coneda,
1582 1400 1747 1508 apud
1775 1399 2129 1472 Doveriam
2151 1419 2325 1468 mare
2358 1415 2526 1468 tran·-

596 1515 802 1565 erunt.·
1098 1509 1106 1516 ’
1898 1536 1904 1543 -

647 1590 892 1663 Eodem
919 1613 1116 1676 anno,
1127 1591 1195 1661 in
1214 1590 1536 1686 quindena
1557 1589 1769 1662 Sanffi
1800 1587 2175 1670 amicbaebs
2206 1589 2355 1660 Rex
2386 1593 2529 1662 An·

536 1681 794 1779 glorum
826 1687 1034 1756 tenuit
1063 1685 1546 1786 parliamentum
1596 1684 1784 1756 suum‘
1808 1685 1976 1784 apud
2013 1686 2395 1770 Eboracum,
2442 1685 2526 1758 ad

236 1781 524 1836 ’⁸¹¹3‘m011·
547 1781 1066 1881 Mrthamptone
1113 1787 1281 1878 prius
1324 1783 1710 1866 ordinatum,
1741 1783 2031 1853 omnium
2050 1801 2224 1852 terrae
2250 1784 2527 1873 Magna-

235 1861 348 1966 2'2'
365 1854 477 1902 εὖ*
548 1897 685 1947 tum
733 1897 864 1948 tam
920 1877 1092 1950 Cleri
1125 1896 1316 1974 quarn
1368 1877 1586 1974 populi
1615 1875 1858 1948 assensu
1908 1879 2214 1961 unanimi,
2260 1875 2525 1948 Comite

422 2033 428 2040 .
547 1972 946 2064 Lancastriae
972 1973 1212 2046 ibidem
1246 1969 1569 2046 existente.
1638 1975 1717 2042 Et
1744 1993 1921 2057 nota,
1967 1972 2143 2069 quod
2188 1992 2331 2042 toto
2360 1990 2527 2062 tem7

546 2071 932 2162 poteRegis
961 2091 1112 2140 tunc
1141 2063 1485 2168 superstitis
1502 2065 1983 2166 parliamentum
2009 2066 2290 2162 aliquod,
2322 2091 2525 2164 quan-

546 2183 739 2260 quam
777 2161 970 2234 multa
1003 2161 1218 2262 saepius
1247 2161 1500 2234 fiierant
1531 2169 1815 2247 recitata,
1843 2183 2220 2246 convocata,
2268 2169 2341 2236 δε
2372 2163 2528 2235 adu-

547 2277 722 2346 nata,
764 2281 895 2330 non
947 2277 1094 2330 ante
1123 2259 1283 2329 istud
1312 2259 1553 2334 exitum
1599 2256 1853 2363 sumpsit
1884 2256 2011 2332 five
2037 2255 2363 2343 effectum,
2409 2255 2525 2332 sed

544 2352 802 2448 incepta
851 2350 1030 2424 bono
1082 2353 1306 2438 modo,
1356 2375 1423 2424 ut
1446 2353 1821 2442 videbatur,·
1845 2362 1925 2429 δε
1958 2379 2069 2452 per
2100 2351 2344 2450 paucos
2382 2351 2526 2425 dies

545 2451 941 2534 continuata,
985 2444 1195 2522 subito
1245 2469 1492 2533 tamen,
1534 2453 1725 2544 regiis
1775 2450 1846 2532 id
1902 2448 2379 2548 procurantibus
2425 2444 2521 2520 se-

543 2539 930 2628 duaoribus,
975 2566 1059 2614 ex
1088 2564 1231 2617 toto
1260 2544 1729 2642 rumpebantur.
1778 2547 1957 2642 Rege
1990 2546 2176 2638 igitur
2210 2567 2355 2614 cum
2388 2541 2519 2614 suis

542 2637 905 2733 proceribus
965 2639 1449 2730 parliamentum
1480 2635 1655 2712 suum
1697 2661 1978 2726 tenente,
2025 2641 2319 2713 dominus
2373 2639 2515 2712 Ed·

228 2733 354 2789 Eeb·
373 2740 496 2816 {irus-
540 2734 810 2808 wardus
841 2733 898 2806 le
918 2734 1119 2830 Brus,
1165 2735 1413 2808 domini
1438 2736 1711 2811 'Robertt‘
1737 2737 1794 2812 Ie
1826 2736 2002 2812 Brus
2034 2759 2393 2829 germanuS,
2420 2737 2519 2806 vir

219 2797 504 2918 &¹ssssss
527 2825 871 2902 bellicosus
909 2832 1068 2904 &in
1116 2835 1302 2904 armis
1329 2831 1795 2918 strenuiffimns‚
1843 2856 2001 2904 cum·
2040 2829 2251 2901 multis
2283 2832 2516 2904 Scotiae

206 2945 464 3024 putten·
537 2919 879 3008 nobilibus,
924 2925 1283 3022 impetuoso
1309 2932 1593 3002 exercitu
1636 2930 1891 3024 stipatus
1939 2944 2005 2997 at
2052 2948 2131 2996 ue
2174 2922 2518 3024 pomposo,

229 3007 314 3047 ω’
539 3023 773 3106 terram
800 3021 1147 3095 FIe'berniae
1175 3019 1292 3096 sno
1319 3022 1638 3099 ,dominio
1662 2949 2149 3120 mancipandam
2206 3043 2517 3120 perpetuo

537 3113 796 3187 intravit
829 3115 1156 3201 hostiliter,
1201 3113 1414 3187 lite-ras
1461 3113 1740 3212 ejusdem
1786 3139 1961 3189 terrae
2012 3115 2236 3188 incolis
2293 3119 2515 3211 magni

537 3209 675 3282 odii
707 3211 931 3284 alterni
959 3207 1361 3282 seminarium
1395 3209 1798 3308 praemittens,
1848 3208 2246 3308 firmiterque
2282 3237 2519 3306 propo-

539 3327 694 3375 nens
740 3303 801 3377 se
823 3305 1006 3378 diestae
1035 3326 1207 3378 terrae
1232 3308 1483 3400 Regem
1508 3309 1575 3376 in
1600 3305 1790 3380 breve
1819 3303 2125 3392 futurum,
2170 3307 2515 3384 &ibidem

537 3419 847 3480 coronam
865 3399 1214 3473 delaturum
1239 3427 1258 3488 ;
1283 3405 1664 3500 Regemque
1694 3403 2033 3478 Hibnm‘ae
2060 3411 2131 3475 δι
2157 3399 2515 3476 Insularum

539 3497 1032 3592 conquaeliorem
1068 3522 1180 3595 per
1211 3496 1566 3571 universum
1614 3496 1835 3571 orbem
1885 3494 1952 3570 se
1990 3503 2062 3586 ὃς
2101 3494 2239 3567 suos
2264 3494 2513 3569 succes-

537 3585 665 3660 sive
695 3612 1088 3679 vocaturum,
1125 3595 1441 3690 perpetuis
1473 3593 1861 3688 temporibus
1892 3597 1958 3664 in
1990 3592 2319 3664 futui-mn.-
2386 3576 2515 3667 Sed

537 3681 840 3760 altiflimo
892 3694 1294 3783 permittente
1323 3687 1489 3760 fraus
1528 3688 1713 3785 ipfius
1762 3697 1833 3762 δε
1914 3684 2267 3784 raesumptio
2295 3689 2365 3758 in
2418 3687 2513 3762 se-
2560 3711 2563 3718 ·

531 3776 738 3946 {psum
799 3782 1056 3855 demum
1093 3781 1184 3856 est
1231 3783 1523 3871 reversa;
1572 3788 1661 3856 ita
1716 3715 2037 3868 videlicet,
2082 3783 2259 3882 quod
2290 3783 2511 3858 fideles

584 3879 781 3950 omini
805 3875 893 3950 sui
925 3881 1125 3973 Regis
1162 3875 1419 3974 Angliae
1466 3881 1540 3960 in·
1586 3881 1755 3953 dieta
1810 3902 1989 3959 terra„
2019 3901 2515 3965 commorantes,

974 4009 980 4016 ‘
1081 4007 1117 4048 -’
1178 4021 1199 4060 z
1243 4009 1544 4079 laganum.

2266 4175 2271 4180 ο
2306 4073 2505 4172 ipsam
