2675 4542
323 194 478 284 136

252 1095 442 1147 udelim‘r‘

253 1159 422 1210 ocari

423 1174 498 1210 na.

915 179 1018 264 a:
1121 173 2167 266 MURIMUTH.

558 307 850 389 Ecclefiae
873 310 1222 384 contrarias
1247 315 1324 382 δε
1348 304 1637 382 absurdas
1662 332 1684 394 ;
1732 306 2049 406 praecipue
2077 326 2337 404 quoque
2376 301 2541 380 con-3

554 423 654 478 tta
671 405 1038 482 Monachos
1067 414 1141 480 &
1163 402 1321 480 alios
1337 397 1699 496 Religiosos
1810 401 2201 476 ffeffionatos
2227 399 2396 476 male
2432 401 2542 474 so·

561 525 828 576 nantes:
878 502 1045 578 unde
1073 498 1361 576 ut·suam
1400 497 1659 604 haerefiu
1698 429 1926 572 &tius
1956 497 2263 594 palliaret,
2310 521 2389 570 ac
2420 497 2543 570 sub

565 602 586 634 ¹
613 596 875 692 quaefito
924 596 1140 672 colore
1169 595 1361 668 latius
1396 593 1689 671 dilataret
1714 647 1737 680 ,
1782 591 2051 668 adscivit
2091 589 2206 667 fibi
2257 595 2539 666 comites

561 697 748 768 unius
775 691 957 768 seQae
983 696 1049 766 in
1069 689 1252 766 fimul
1281 691 1551 766 oxoniae
1578 697 1655 764 &
1682 688 1840 764 alibi
1868 711 2341 762 commorantes
2390 686 2567 760 lon--

563 793 664 880 gis
691 789 958 879 vestibus
983 787 1065 862 de
1087 786 1322 862 ruffeto
1360 787 1641 872 indutos,
1686 785 1871 862 nudis
1924 782 2191 882 pedibus
2230 783 2538 860 inceden-

563 905 683 971 tes,
728 884 883 960 tales
901 907 1140 958 errores
1170 887 1236 956 in
1267 881 1512 980 populo
1541 881 1943 968 ventilantes,
1960 878 2167 980 palam
2189 886 2262 953 &
2282 878 2540 977 publice

563 981 632 1053 in
653 1003 872 1055 eorum
903 978 1291 1055 sermonibus
1312 977 1740 1075 praedicantes.
1784 977 1904 1048 Ista
1933 999 2087 1048 vero
2118 977 2282 1048 inter
2324 995 2541 1048 cetera

565 1068 904 1152 tenuerunt
927 1076 1012 1172 ad
1029 1099 1308 1170 unguem
1329 1071 1446 1146 fibi
1471 1098 1488 1144 ε
1522 1073 1698 1169 quod
1717 1071 2090 1145 eucharistia
2102 1071 2174 1140 in
2200 1069 2379 1142 altari
2396 1071 2539 1167 post

568 1172 1044 1248 Sacramentum
1075 1195 1293 1246 verum
1343 1193 1575 1265 corpus
1619 1168 1760 1240 CH
1778 1169 1845 1238 R
1862 1168 1945 1238 18
1966 1167 2076 1239 TI
2121 1190 2255 1238 non
2284 1163 2383 1251 fit,
2430 1165 2540 1240 sed

557 1268 700 1363 ‘ejus
723 1265 948 1361 figura.
996 1271 1155 1340 Item
1181 1263 1360 1362 quod
1386 1261 1652 1337 ecclesia
1706 1264 1998 1337 Romana
2040 1285 2171 1333 non
2200 1260 2292 1334 est
2342 1283 2541 1358 caput

565 1366 856 1437 omnium
902 1357 1333 1445 ecclesiarum,
1377 1355 1711 1454 plusquam
1736 1383 1861 1430 una
1886 1360 2013 1430 alia
2050 1353 2314 1431 ecclelia
2346 1383 2370 1444 3
2418 1383 2538 1435 nec

567 1461 776 1551 major
825 1457 1101 1556 potestas
1154 1478 1266 1549 per
1316 1454 1377 1526 C
1394 1455 1465 1524 H
1484 1454 1551 1523 R
1568 1456 1598 1524 1
1615 1455 1739 1527 ST
1762 1457 1830 1524 U
1854 1457 1939 1526 M
1987 1452 2136 1524 data
2169 1449 2293 1526 fuit
2338 1455 2538 1529 Petro

566 1577 760 1650 quam
776 1551 1042 1628 cuilibet
1061 1549 1262 1626 altero
1289 1546 1788 1662 apostolo.1tem
1802 1548 1979 1648 quod
2009 1549 2180 1645 Papa
2206 1549 2540 1624 Romanas
2663 1588 2665 1590 v

567 1673 700 1722 non
749 1648 944 1723 babet
987 1649 1294 1745 majorem
1348 1645 1721 1742 potestatem
1766 1670 1835 1716 in
1860 1651 1873 1668 ‘
1896 1639 2181 1718 clavibus
2234 1642 2545 1732 ecclefiae,

567 1759 764 1842 quam'
794 1737 1184 1839 quiscunque
1229 1741 1389 1816 alius
1416 1744 1485 1812 in
1502 1739 1729 1815 ordine
1772 1735 2105 1816 sacerdotii
2144 1738 2545 1815 constitutus.

569 1845 758 1929 Item,
799 1837 980 1934 quod
1007 1837 1053 1910 fi
1083 1846 1112 1880 ²
1144 1839 1322 1914 Deus
1350 1836 1464 1922 est,
1490 1834 1739 1909 domini
1770 1832 2149 1934 temporales
2180 1833 2439 1930 poffunt
2452 1833 2543 1918 le,-

571 1939 880 2032 gitime&
899 1936 1222 2012 meritorie
1253 1927 1501 2008 auferre
1528 1930 1701 2006 bona
1724 1929 1992 2005 fortunae
2014 1929 2097 2004 ab
2118 1927 2383 2022 ecclefia
2429 1931 2540 2006 de·

565 2031 919 2128 linquente.
964 2034 1124 2104 Item
1147 2027 1196 2102 fi
1221 2029 1519 2102 dominus
1543 2026 1909 2125 temporalis
1936 2028 2185 2100 noverit
2204 2022 2540 2110 ecclefiam

571 2127 1074 2221 delinquentem,
1118 2145 1379 2202 tenetur·
1396 2121 1511 2194 sub
1534 2147 1735 2218 poena·
1752 2121 2179 2198 damnationis
2203 2122 2339 2218 ejus
2364 2119 2448 2195 ab
2462 2149 2544 2198 ea

569 2223 940 2316 temporalia
989 2219 1254 2294 auferre.
1350 2221 1511 2293 Item
1539 2218 1718 2313 quod
1754 2217 2157 2314 evangelium
2178 2214 2410 2290 sufficit
2454 2221 2541 2294 ad

431 2325 452 2338 ⁹
565 2315 977 2408 regulandum
1008 2317 1080 2386 in
1097 2319 1230 2389 vita
1267 2313 1379 2386 ista
1406 2310 1759 2409 quemlibet
1780 2314 2223 2392 Christianum.
2255 2316 2335 2384 Et
2358 2314 2545 2412 quod

567 2437 792 2484 omnes
815 2406 956 2482 aliae
985 2409 1212 2504 regulae
1236 2409 1637 2496 Sannorum,
1682 2404 1798 2480 sub
1828 2433 2095 2507 quarum
2126 2405 2547 2484 observantiis

439 2530 444 2538 ·
566 2505 806 2601 degunt
849 2503 1072 2582 diverfi
1121 2503 1235 2580 reli
1283 2499 1427 2592 inst,
1468 2528 1604 2576 non
1652 2501 1791 2601 plus
1832 2502 2240 2603 perfeffionis
2293 2505 2543 2579 addunt

571 2601 948 2696 Evangelio,
989 2627 1186 2698 quam
1219 2628 1252 2672 a
1278 2597 1449 2674 bedo
1468 2602 1711 2694 parieti.
1757 2603 1919 2677 Item
1946 2599 2129 2698 quod
2172 2602 2364 2695 Papa,
2412 2627 2541 2686 nec

567 2698 800 2794 aliquis
821 2700 975 2772 alius
1009 2695 1321 2788 Praelatus,
1376 2693 1637 2771 deberet
1665 2693 1900 2774 habere
1929 2719 2211 2770 carceres
2240 2697 2323 2770 ad
2400 2702 2547 2770 uni·

563 2796 806 2872 endum
826 2792 1287 2892 delinquentes,
1331 2789 1441 2868 sed
1540 2791 1765 2869 uilibet
1814 2790 2307 2958 delinquens‘po
2344 2813 2413 2866 et
2461 2792 2545 2864 li-

567 2891 716 2966 bere
735 2915 1119 2986 quocunque
1151 2888 1343 2964 vellet
1362 2909 1505 2960 tran
1550 2912 1642 2974 re,
1684 2896 1761 2974 ὃς
1780 2886 1991 2964 facere
2010 2911 2153 2982 quae
2207 2913 2225 2958 ι

565 3009 682 3060 rer.
731 2989 890 3059 Haec
935 2991 1008 3058 &
1040 2983 1219 3083 plura
1241 2982 1363 3057 alia
1396 2981 1670 3077 publice,
1715 2987 1785 3054 in
1814 2980 2272 3058 subversionem
2314 2984 2544 3078 nostrae

563 3083 724 3158 fidei
749 3079 1018 3154 afferunt
1036 3087 1108 3154 δε
1127 3079 1456 3192 ,affirmant
1480 3105 1504 3164 3
1554 3081 1622 3150 in
1654 3099 1901 3192 tantum
1952 3078 2131 3191 quoti
2160 3078 2415 3192 domini
2460 3089 2543 3156 δι

564 3171 2544 3368 335533235‘31203232‘3¹¹20d2333”t¹55t:sss⁰50:2st53205“55

563 3367 974 3442 auferendum
1013 3364 1388 3463 temporalia
1418 3369 1456 3434 a
1483 3361 2107 3454 virisecclefiasticis‚
2151 3364 2297 3464 ipfis
2346 3363 2552 3442 ascri-¹

565 3463 770 3544 bunt:
820 3482 1075 3560 propter
1127 3461 1302 3557 quod
1331 3459 1462 3533 istae
1492 3458 1925 3558 conclusiones
1970 3485 2185 3534 coram
2240 3464 2413 3560 Papa
2468 3469 2540 3537 in

560 3560 882 3634 audientia
901 3558 1200 3631 exhibitae
1221 3563 1293 3632 δε
1315 3554 1524 3640 Ιεᾶκ,
1548 3559 1759 3631 xxm
1784 3582 2024 3644 earum,
2052 3578 2355 3654 tanquam
2404 3559 2538 3633 hae-

249 3681 529 3726 namnam.
561 3657 873 3729 reticas&
898 3677 1088 3724 vanas
1111 3651 1244 3747 ipse
1263 3655 1435 3750 Papa
1476 3651 1825 3740 damnavit,
1871 3649 2271 3752 dirigensque
2320 3654 2541 3728 Bullas

556 3750 692 3824 suas
738 3750 864 3822 boc
919 3773 1092 3820 anno
1121 3749 1416 3850 domino(
1448 3745 1929 3848 archiepiscopo
1968 3749 2427 3842 Cantuarietfi
2456 3758 2539 3826 &

881 3979 902 4013 ι
939 3961 1198 4030 Exquifito,
1223 3965 1295 4016 u.
1392 3979 1425 4015 ι
1458 3958 1711 4022 Dominus,
1741 3973 1791 4017 ’κ

1299 4041 1306 4049 ’
2220 4033 2541 4136 episcopo

2228 2887 2291 2960 bi
2323 2887 2543 2985 place-
2642 2864 2661 2937 .¹

2663 3289 2666 3296 .
2647 3167 2666 3266 «Α-ιᾼ
